@misc{systestwiki,

title = {系统测试},

howpublished = {\url{https://zh.wikipedia.org/wiki/%E7%B3%BB%E7%BB%9F%E6%B5%8B%E8%AF%95}}

}

@misc{softwaretestwiki,

title = {软件测试},

howpublished = {\url{https://zh.wikipedia.org/wiki/%E8%BD%AF%E4%BB%B6%E6%B5%8B%E8%AF%95}}
  
}

@misc{inttestwiki,

title = {集成测试},

howpublished = {\url{https://zh.wikipedia.org/wiki/%E9%9B%86%E6%88%90%E6%B5%8B%E8%AF%95}}

}

@misc{unittestwiki,

title = {单元测试},

howpublished = {\url{https://zh.wikipedia.org/wiki/%E5%8D%95%E5%85%83%E6%B5%8B%E8%AF%95}}

}
